%% This BibTeX bibliography file was created using BibDesk.
%% https://bibdesk.sourceforge.io/

%% Created for Vaibhav Balloli at 2018-11-02 00:33:04 +0530 


%% Saved with string encoding Unicode (UTF-8) 



@conference{ref:hpgyro,
	Author = {Gerd Gantenbein, G{\"u}nter Dammertz, Jens Flamm, Stefan Illy, Stefan Kern, George Latsas, Bernhard Piosczyk, Tomasz Rzesnicki, Andrey Samartsev, Andreas Schlaich, Manfred Thumm and Ioannis Tigelis},
	Date-Added = {2018-11-01 17:11:22 +0000},
	Date-Modified = {2018-11-01 17:12:36 +0000},
	Number = {6},
	Organization = {IEEE TRANSACTIONS ON PLASMA SCIENCE},
	Publisher = {IEEE},
	Title = {Experimental Investigations and Analysis of Parasitic RF Oscillations in High-Power Gyrotrons},
	Volume = {38},
	Year = {2010}}

@conference{ref:bwo,
	Author = {S. Y. Park, R. H. Kyser, C. M. Armstrong and R. K. Parker},
	Date-Added = {2018-11-01 17:07:43 +0000},
	Date-Modified = {2018-11-01 17:09:36 +0000},
	Month = {December},
	Organization = {1987 International Electron Devices Meeting},
	Publisher = {IEEE},
	Title = {Experimental Study of Gyro-BWO},
	Year = {1987}}

@conference{ref:tg,
	Author = {V.A.Flyagin, A.V.Gaponov, M. I.Petelin, and V. K. Yulpatov},
	Date-Added = {2018-11-01 17:03:52 +0000},
	Date-Modified = {2018-11-01 19:00:49 +0000},
	Month = {June},
	Number = {6},
	Organization = {IEEE Transacttons on Microwave Theory And Techniques},
	Publisher = {IEEE},
	Title = {The Gyrotron},
	Volume = {MTT. 25},
	Year = {1977}}

@electronic{ref:mit,
	Author = {Richard Temkin},
	Date-Added = {2018-11-01 17:02:01 +0000},
	Date-Modified = {2018-11-01 17:03:25 +0000},
	Title = {High Frequency Gyrotrons and Their Applications},
	Urldate = {https://apam.columbia.edu/files/seasdepts/applied-physics-and-applied-math/pdf-files/RTemkin.pdf}}

@phdthesis{ref:soa,
	Author = {M. Thumm},
	Date-Added = {2018-11-01 16:57:58 +0000},
	Date-Modified = {2018-11-01 17:00:08 +0000},
	Month = {February},
	School = {Forschungszentrum Karlsruhe},
	Title = {State-of-the-Art of High Power Gyro-Devices and Free Electron Masers},
	Year = {2007}}

@article{ref:gt,
	Author = {Mariusz Hruszowiec, Wojciech Czarczyski, Edward F. Pliski, and Tadeusz Wickowski},
	Date-Added = {2018-11-01 16:55:07 +0000},
	Date-Modified = {2018-11-01 16:57:33 +0000},
	Journal = {Journal of Telecommunication and Information Technology},
	Month = {January},
	Title = {Gyrotron Technology},
	Year = {2014}}

@mastersthesis{ref:kfk,
	Address = {1991},
	Author = {E. Borie},
	Date-Added = {2018-11-01 16:53:43 +0000},
	Date-Modified = {2018-11-01 16:54:57 +0000},
	Month = {August},
	School = {Institut f{\"u}r Technische Physik},
	Title = {Review of Gyrotron Theory}}

@book{ref:pkmm,
	Author = {A. S. Gilmour, Jr.},
	Date-Added = {2018-11-01 16:39:47 +0000},
	Date-Modified = {2018-11-01 16:48:56 +0000},
	Publisher = {Artech House},
	Title = {Principles-of-Klystrons-Traveling-Wave-Tubes-Magnetrons-Cross-Field-Ampliers-and-Gyrotrons},
	Year = {2011}}
